% 1
% The main GAN paper

@misc{paperIanGAN,
    author          = "Goodfellow, Ian J. and Pouget-Abadie, Jean and Mirza, Mehdi and Xu, Bing and Warde-Farley, David and Ozair, Sherjil and Courville, Aaron and Bengio, Yoshua",
    title           = "Generative Adversarial Nets",
    year            = "2014",
    howpublished    = "\url{https://arxiv.org/abs/1406.2661}"
}

% 2
% https://arxiv.org/pdf/1511.06434.pdf
% https://arxiv.org/abs/1511.06434
@misc{unsupDCGAN,
    author          = "Radford, Alec and Metz, Luke and Chintala, Soumith",
    title           = "Unsupervised Representation Learning with Deep Convolutional Generative Adversarial Networks",
    year            = "2015",
    howpublished    = "\url{https://arxiv.org/abs/1511.06434}",
}


% 3
% https://github.com/forcecore/Keras-GAN-Animeface-Character
@misc{Keras-GAN-Animeface-Character,
    author          = "forcecore",
    title           = "forcecore/Keras-GAN-Animeface-Character: GAN example for Keras",
    year            = "2017",
    howpublished    = "\url{https://github.com/forcecore/Keras-GAN-Animeface-Character}",
}

% 4
% http://www.nurs.or.jp/~nagadomi/animeface-character-dataset/
% From the README file, it looks like this is from 2013.
@misc{animeface-character-dataset,
    author          = "Nagadomi, C.",
    title           = "animeface-character-dataset",
    year            = "2013",
    howpublished    = "\url{http://www.nurs.or.jp/~nagadomi/animeface-character-dataset/}",
}

% 5
% BEGAN-tensorflow for faces
@misc{kimBEGAN,
    author          = "Kim, Taehoon",
    title           = "carpedm20/BEGAN-tensorflow: Tensorflow implementation of BEGAN",
    year            = "2017",
    howpublished    = "\url{https://github.com/carpedm20/BEGAN-tensorflow}",
}

% 6
% GAN hacks - How to train a GAN
@misc{ganhacks,
    author          = "Chintala, Soumith and Denton, Emily and Arjovsky, Martin and Mathieu, Michael",
    title           = "soumith/ganhacks: How to train a GAN?",
    year            = "2016",
    howpublished    = "\url{https://github.com/soumith/ganhacks}",
}

% 7
% DCGAN-tensorflow for faces
@misc{kimDCGAN,
    author          = "Kim, Taehoon",
    title           = "carpedm20/DCGAN-tensorflow: A tensorflow implementation of DCGAN",
    year            = "2017",
    howpublished    = "\url{https://github.com/carpedm20/DCGAN-tensorflow}",
}

% 8
% Keep calm and train a GAN: pitfalls, and tips on training
@misc{ganTrainTips,
    author          = "Desai, Utkarsh",
    title           = "Keep Calm and train a GAN. Pitfalls and Tips on training Generative Adversarial Networks",
    year            = "2018",
    howpublished    = "\url{https://medium.com/@utk.is.here/edd529764aa9}",
}

% 9
% https://arxiv.org/abs/1703.10717
@misc{paperBEGAN,
    author          = "Berthelot, David and Schumm, Thomas and Metz, Luke",
    title           = "BEGAN: Boundary Equilibrium Generative Adversarial Networks",
    year            = "2017",
    howpublished    = "\url{https://arxiv.org/abs/1703.10717}",
}

% 10
% BEGAN-tensorflow for faces
@misc{kimBEGAN-30,
    author          = "ProgramItUp",
    title           = "carpedm20/BEGAN-tensorflow: Unable to reproduce results: Generator output has only two face types",
    year            = "2017",
    howpublished    = "\url{https://github.com/carpedm20/BEGAN-tensorflow/issues/30}",
}

% 11
% Deconvolution and Checkerboard Artifacts, Conv2DTranspose
@misc{conv2dArtifacts,
    author          = "Odena, Augustus and Dumoulin, Vincent and Olah, Chris",
    title           = "Deconvolution and Checkerboard Artifacts",
    year            = "2016",
    howpublished    = "\url{https://distill.pub/2016/deconv-checkerboard/}",
}